<record xmlns="http://www.loc.gov/MARC21/slim" xmlns:xsi="http://www.w3.org/2001/XMLSchema-instance" xsi:schemaLocation="http://www.loc.gov/MARC21/slim http://www.loc.gov/standards/marcxml/schema/MARC21slim.xsd"><leader>     nam a22        4500</leader><controlfield tag="001">002797220</controlfield><controlfield tag="003">NNU</controlfield><controlfield tag="006">m        d        </controlfield><controlfield tag="007">cr cn |||m|||a</controlfield><controlfield tag="008">150313s1952    ua      o     000 0 ara d</controlfield><datafield ind1=" " ind2=" " tag="040"><subfield code="a">NNU</subfield><subfield code="b">eng</subfield><subfield code="c">NNU</subfield></datafield><datafield ind1="1" ind2=" " tag="100"><subfield code="a">Ibsh&#299;h&#299;, Mu&#7717;ammad ibn A&#7717;mad,</subfield><subfield code="d">1388-ca. 1446.</subfield></datafield><datafield ind1="1" ind2="3" tag="245"><subfield code="a">al-Musta&#7789;raf f&#299; kull fann musta&#7827;raf</subfield><subfield code="h">[electronic resource] /</subfield><subfield code="c">ta&#700;l&#299;f Shih&#257;b al-D&#299;n Mu&#7717;ammad ibn A&#7717;mad Ab&#299; al-Fat&#7717; al-Ibsh&#299;h&#299;. Wa-bi-al-h&#257;mish Thamar&#257;t al-awr&#257;q f&#299; al-mu&#7717;&#257;&#7693;ar&#257;t / li-Taq&#299; al-D&#299;n Ab&#299; Bakr ibn &#699;Al&#299; ibn Mu&#7717;ammad ibn &#7716;ijjah al-&#7716;amaw&#299; al-Q&#257;dir&#299; al-&#7716;anaf&#299;. Wa-yal&#299;hi dhayl&#257;n, 1 / li-Ibn &#7716;ijjah al-&#7716;amaw&#299;, 2 / li-Mu&#7717;ammad ibn Ibr&#257;h&#299;m al-A&#7717;dab.</subfield></datafield><datafield ind1=" " ind2=" " tag="250"><subfield code="a">al-&#7788;ab&#699;ah al-akh&#299;rah.</subfield></datafield><datafield ind1=" " ind2=" " tag="260"><subfield code="a">Mi&#7779;r :</subfield><subfield code="b">Sharikat Maktabat wa-Ma&#7789;ba&#699;at Mu&#7779;&#7789;af&#225; al-B&#257;b&#299; al-&#7716;alab&#299;,</subfield><subfield code="c">1952.</subfield></datafield><datafield ind1=" " ind2=" " tag="300"><subfield code="a">online resource (2 v. in 1)</subfield></datafield><datafield ind1=" " ind2=" " tag="500"><subfield code="a">Part of the Arabic Collections Online (ACO) project, contributed by New York Univeristy Libraries.</subfield></datafield><datafield ind1=" " ind2=" " tag="533"><subfield code="a">Electronic reproduction.</subfield><subfield code="b">New York, N.Y. :</subfield><subfield code="c">New York University,</subfield><subfield code="d">2015.</subfield><subfield code="5">NNU</subfield></datafield><datafield ind1=" " ind2="0" tag="650"><subfield code="a">Quotations, Arabic</subfield><subfield code="v">Early works to 1800.</subfield></datafield><datafield ind1="1" ind2="2" tag="700"><subfield code="a">Ibn &#7716;ijjah al-&#7716;amaw&#299;, Taq&#299; al-D&#299;n Ab&#363; Bakr ibn &#699;Al&#299;,</subfield><subfield code="d">d. 1434.</subfield><subfield code="t">Thamar&#257;t al-awr&#257;q.</subfield><subfield code="f">1952.</subfield></datafield><datafield ind1="2" ind2=" " tag="710"><subfield code="a">New York University.</subfield><subfield code="b">Libraries.</subfield></datafield><datafield ind1="0" ind2=" " tag="730"><subfield code="a">Arabic Collections Online.</subfield></datafield><datafield ind1="0" ind2="8" tag="776"><subfield code="i">Print version:</subfield><subfield code="a">Ibsh&#299;h&#299;, Mu&#7717;ammad ibn A&#7717;mad, 1388-ca. 1446.</subfield><subfield code="t">al-Musta&#7789;raf f&#299; kull fann musta&#7827;raf</subfield><subfield code="w">(NNU)002797220</subfield></datafield><datafield ind1="4" ind2="0" tag="856"><subfield code="u">http://hdl.handle.net/2333.1/6djh9zbh</subfield></datafield><datafield ind1=" " ind2=" " tag="959"><subfield code="a">NNU</subfield><subfield code="b">WEB</subfield><subfield code="c">GENI</subfield><subfield code="t">0</subfield><subfield code="m">Electronic access</subfield><subfield code="s">01</subfield></datafield><datafield ind1=" " ind2=" " tag="999"><subfield code="i">NNU_002797220</subfield><subfield code="s">nyu_aco000605</subfield><subfield code="e">(ERROR-880)</subfield></datafield></record>